@article{hubacek2019exploiting,
    title={Exploiting sports-betting market using machine learning},
    author={Hub{\'a}{\v{c}}ek, Ond{\v{r}}ej and Sourek, Gustav and {\v{Z}}elezn{\`y}, Filip},
    journal={International Journal of Forecasting},
    volume={35},
    number={2},
    pages={783--796},
    year={2019},
    publisher={Elsevier}
}

@article{kelly1956new,
    title={A new interpretation of information rate},
    author={Kelly Jr, John L},
    journal={Bell System Technical Journal},
    volume={35},
    number={4},
    pages={917--926},
    year={1956},
    publisher={Wiley Online Library}
}

@article{thorp2008kelly,
    title={The Kelly criterion in blackjack sports betting, and the stock market},
    author={Thorp, Edward O},
    journal={Handbook of Asset and Liability Management},
    volume={1},
    pages={385--428},
    year={2008},
    publisher={Elsevier}
}

@article{brown2018machine,
    title={Machine learning in sports betting: A case study of the NBA},
    author={Brown, Aaron and Rambaccussing, Dooruj and Reade, James J and Rossi, Giambattista},
    journal={International Journal of Forecasting},
    volume={34},
    number={4},
    pages={1--16},
    year={2018},
    publisher={Elsevier}
}

@article{spann2009sports,
    title={Sports forecasting: A comparison of the forecast accuracy of prediction markets, betting odds and tipsters},
    author={Spann, Martin and Skiera, Bernd},
    journal={Journal of Forecasting},
    volume={28},
    number={1},
    pages={55--72},
    year={2009},
    publisher={Wiley Online Library}
}

@inproceedings{haghighat2013review,
    title={A review of data mining techniques for result prediction in sports},
    author={Haghighat, Maral and Rastegari, Hamid and Nourafza, Nasim},
    booktitle={2013 2nd International Conference on Advances in Computer Science: Theory and Practice},
    pages={1--6},
    year={2013},
    organization={IEEE}
}

@article{williams2010simple,
    title={Simple and effective feature-engineering for betting on major soccer leagues},
    author={Williams, Jack and Li, Yifan},
    journal={arXiv preprint arXiv:1909.03424},
    year={2019}
}

@article{constantinou2019dolores,
    title={Dolores: A model that predicts football match outcomes from all over the world},
    author={Constantinou, Anthony},
    journal={Machine Learning},
    volume={108},
    pages={49--75},
    year={2019},
    publisher={Springer}
} 